<?xml version="1.0" encoding="UTF-8"?><collection xmlns="http://www.loc.gov/MARC21/slim"><record><leader>00602nam--2200205-i-4500</leader><controlfield tag="001">000008267</controlfield><controlfield tag="002">20161230</controlfield><controlfield tag="005">20161230201027</controlfield><controlfield tag="008">060222s1000------------r-----000-0-ita-d</controlfield><datafield ind1=" " ind2=" " tag="040"><subfield code="a">IFIN-HH</subfield></datafield><datafield ind1=" " ind2=" " tag="041"><subfield code="a">ita</subfield></datafield><datafield ind1=" " ind2=" " tag="080"><subfield code="a">51</subfield></datafield><datafield ind1="1" ind2=" " tag="100"><subfield code="a">Arf, Cahit</subfield></datafield><datafield ind1="1" ind2="0" tag="245"><subfield code="a">Due dimostrazioni elementari del teorema di cartan e dieudonne</subfield><subfield code="c">Cahit art, giacomo saban</subfield></datafield><datafield ind1=" " ind2=" " tag="260"><subfield code="a">Istanbul</subfield><subfield code="b">Centro Nucleare Ricerca Addestra- Monte Di Cekmece</subfield><subfield code="c">1964</subfield></datafield><datafield ind1=" " ind2=" " tag="300"><subfield code="a">/169-223/ P</subfield></datafield><datafield ind1=" " ind2=" " tag="490"><subfield code="a">Riv.Mat.Univ.Parma(2), 6(1965)</subfield></datafield><datafield ind1="1" ind2=" " tag="700"><subfield code="a">Saban, Giacomo</subfield></datafield><datafield ind1=" " ind2=" " tag="852"><subfield code="a">27650</subfield><subfield code="c">519.4/5</subfield></datafield><datafield ind1=" " ind2=" " tag="CAT"><subfield code="a">Sys</subfield><subfield code="c">20130813</subfield><subfield code="h">113552</subfield></datafield></record></collection>